<?xml version = "1.0" encoding = "UTF-8"?><record>
  <leader>00967nam#a2200313#c#4500</leader>
  <controlfield tag="005">20210407143044.0</controlfield>
  <controlfield tag="007">tu</controlfield>
  <controlfield tag="008">990510|1972####xxu###########|||#||eng#c</controlfield>
  <controlfield tag="003">DE-605</controlfield>
  <controlfield tag="001">990014830510206441</controlfield>
  <datafield tag="016" ind1="7" ind2=" ">
    <subfield code="a">1067416031</subfield>
    <subfield code="2">OCoLC</subfield>
  </datafield>
  <datafield tag="020" ind1=" " ind2=" ">
    <subfield code="a">0405039204</subfield>
    <subfield code="9">0-405-03920-4</subfield>
    <subfield code="0">(uri) http://www.isbnsearch.org/isbn/0405039204</subfield>
  </datafield>
  <datafield tag="035" ind1=" " ind2=" ">
    <subfield code="a">(DE-605)HT003864492</subfield>
  </datafield>
  <datafield tag="040" ind1=" " ind2=" ">
    <subfield code="a">465</subfield>
    <subfield code="b">ger</subfield>
    <subfield code="e">rakwb</subfield>
  </datafield>
  <datafield tag="041" ind1=" " ind2=" ">
    <subfield code="a">eng</subfield>
  </datafield>
  <datafield tag="044" ind1=" " ind2=" ">
    <subfield code="c">XD-US</subfield>
  </datafield>
  <datafield tag="100" ind1="1" ind2=" ">
    <subfield code="a">Huff, Theodore</subfield>
    <subfield code="4">aut</subfield>
  </datafield>
  <datafield tag="245" ind1="1" ind2="0">
    <subfield code="a">Charlie Chaplin</subfield>
    <subfield code="c">Theodore Huff</subfield>
  </datafield>
  <datafield tag="250" ind1=" " ind2=" ">
    <subfield code="a">Reprint ed. [d. Ausg.] New York, Schuman, 1951</subfield>
  </datafield>
  <datafield tag="264" ind1=" " ind2="1">
    <subfield code="a">New York</subfield>
    <subfield code="b">Arno Press [u.a.]</subfield>
    <subfield code="c">1972</subfield>
  </datafield>
  <datafield tag="300" ind1=" " ind2=" ">
    <subfield code="a">354 S. : Ill.</subfield>
  </datafield>
  <datafield tag="655" ind1=" " ind2="7">
    <subfield code="a">Biografie</subfield>
    <subfield code="0">(DE-588)4006804-3</subfield>
    <subfield code="2">gnd-content</subfield>
  </datafield>
  <datafield tag="655" ind1=" " ind2="7">
    <subfield code="a">Bildband</subfield>
    <subfield code="0">(DE-588)4145395-5</subfield>
    <subfield code="2">gnd-content</subfield>
  </datafield>
  <datafield tag="689" ind1="0" ind2="0">
    <subfield code="a">Chaplin, Charlie</subfield>
    <subfield code="d">1889-1977</subfield>
    <subfield code="D">p</subfield>
    <subfield code="0">(DE-588)118520113</subfield>
    <subfield code="0">(uri) https://portal.dnb.de/opac.htm?method=simpleSearch&amp;cqlMode=true&amp;query=idn=118520113</subfield>
    <subfield code="0">(uri) http://viaf.org/viaf/sourceID/DNB|118520113</subfield>
  </datafield>
  <datafield tag="689" ind1="1" ind2="0">
    <subfield code="a">Chaplin, Charlie</subfield>
    <subfield code="d">1889-1977</subfield>
    <subfield code="D">p</subfield>
    <subfield code="0">(DE-588)118520113</subfield>
    <subfield code="0">(uri) https://portal.dnb.de/opac.htm?method=simpleSearch&amp;cqlMode=true&amp;query=idn=118520113</subfield>
    <subfield code="0">(uri) http://viaf.org/viaf/sourceID/DNB|118520113</subfield>
  </datafield>
  <datafield tag="964" ind1="0" ind2="s">
    <subfield code="F">030</subfield>
    <subfield code="A">a|1uc||||||17</subfield>
  </datafield>
  <datafield tag="964" ind1="0" ind2="s">
    <subfield code="F">050</subfield>
    <subfield code="A">a|||||||||||||</subfield>
  </datafield>
  <datafield tag="964" ind1="0" ind2="s">
    <subfield code="F">051</subfield>
    <subfield code="A">mh||||||</subfield>
  </datafield>
  <datafield tag="035" ind1=" " ind2=" ">
    <subfield code="a">(OCoLC)1067416031</subfield>
    <subfield code="0">(uri) http://www.worldcat.org/oclc/1067416031</subfield>
  </datafield>
  <datafield tag="MBD" ind1=" " ind2=" ">
    <subfield code="M">49HBZ_NETWORK</subfield>
    <subfield code="i">990014830510206441</subfield>
    <subfield code="n">HBZ Network</subfield>
  </datafield>
  <datafield tag="MBD" ind1=" " ind2=" ">
    <subfield code="M">49HBZ_UDE</subfield>
    <subfield code="i">990006214170206446</subfield>
    <subfield code="n">Universit&#228;t Duisburg-Essen</subfield>
  </datafield>
  <datafield tag="020" ind1=" " ind2=" ">
    <subfield code="a">0405039204</subfield>
    <subfield code="9">0-405-03920-4</subfield>
    <subfield code="M">49HBZ_UDE</subfield>
  </datafield>
  <datafield tag="983" ind1=" " ind2=" ">
    <subfield code="b">KNLC</subfield>
    <subfield code="9">LOCAL</subfield>
    <subfield code="M">49HBZ_UDE</subfield>
  </datafield>
  <datafield tag="MNG" ind1=" " ind2=" ">
    <subfield code="c">System</subfield>
    <subfield code="f">ILS</subfield>
    <subfield code="i">marc21</subfield>
    <subfield code="k">01</subfield>
    <subfield code="e">false</subfield>
    <subfield code="d">2021-04-07 14:30:44 Europe/Berlin</subfield>
    <subfield code="g">001483051-HBZ01</subfield>
    <subfield code="j">60</subfield>
    <subfield code="a">import</subfield>
    <subfield code="b">2021-04-05 22:18:19 Europe/Berlin</subfield>
  </datafield>
  <datafield tag="H52" ind1="8" ind2=" ">
    <subfield code="b">E0001</subfield>
    <subfield code="c">E11</subfield>
    <subfield code="h">KNLC1469</subfield>
    <subfield code="8">22382608050006446</subfield>
  </datafield>
  <datafield tag="HOL" ind1=" " ind2=" ">
    <subfield code="b">2021-04-15 16:41:20</subfield>
    <subfield code="8">22382608050006446</subfield>
    <subfield code="M">49HBZ_UDE</subfield>
    <subfield code="g">false</subfield>
    <subfield code="a">import</subfield>
  </datafield>
  <datafield tag="ITM" ind1=" " ind2=" ">
    <subfield code="H">22382608050006446</subfield>
    <subfield code="x">E11</subfield>
    <subfield code="f">BOOK</subfield>
    <subfield code="v">E11</subfield>
    <subfield code="p">10</subfield>
    <subfield code="X">System</subfield>
    <subfield code="U">1991-08-20 10:59:00</subfield>
    <subfield code="Y">2021-05-14 11:07:49</subfield>
    <subfield code="h">false</subfield>
    <subfield code="n">KNLC1469</subfield>
    <subfield code="M">49HBZ_UDE</subfield>
    <subfield code="s">1</subfield>
    <subfield code="d">8</subfield>
    <subfield code="V">import</subfield>
    <subfield code="b">KNLC1469</subfield>
    <subfield code="a">23382608040006446</subfield>
    <subfield code="t">8</subfield>
    <subfield code="c">KNLC1469</subfield>
    <subfield code="B">8297/91</subfield>
    <subfield code="D">20000217</subfield>
    <subfield code="W">1991-08-20 12:59:00</subfield>
    <subfield code="u">E0001</subfield>
    <subfield code="w">E0001</subfield>
  </datafield>
  <datafield tag="GPN" ind1="1" ind2=" ">
    <subfield code="a">Chaplin, Charles S.</subfield>
    <subfield code="d">1889-1977</subfield>
    <subfield code="A">GND</subfield>
    <subfield code="B">GND-118520113</subfield>
    <subfield code="C">400</subfield>
  </datafield>
  <datafield tag="GPN" ind1="1" ind2=" ">
    <subfield code="a">Spencer Chaplin, Charles</subfield>
    <subfield code="d">1889-1977</subfield>
    <subfield code="A">GND</subfield>
    <subfield code="B">GND-118520113</subfield>
    <subfield code="C">400</subfield>
  </datafield>
  <datafield tag="GPN" ind1="1" ind2=" ">
    <subfield code="a">Chaplin, Charly</subfield>
    <subfield code="d">1889-1977</subfield>
    <subfield code="A">GND</subfield>
    <subfield code="B">GND-118520113</subfield>
    <subfield code="C">400</subfield>
  </datafield>
  <datafield tag="GPN" ind1="0" ind2=" ">
    <subfield code="a">Zhuobielin</subfield>
    <subfield code="d">1889-1977</subfield>
    <subfield code="A">GND</subfield>
    <subfield code="B">GND-118520113</subfield>
    <subfield code="C">400</subfield>
  </datafield>
  <datafield tag="GPN" ind1="1" ind2=" ">
    <subfield code="a">Tsaplin, Tsarl Spenser</subfield>
    <subfield code="d">1889-1977</subfield>
    <subfield code="A">GND</subfield>
    <subfield code="B">GND-118520113</subfield>
    <subfield code="C">400</subfield>
  </datafield>
  <datafield tag="GPN" ind1="0" ind2=" ">
    <subfield code="a">Sarlo&#772;</subfield>
    <subfield code="d">1889-1977</subfield>
    <subfield code="A">GND</subfield>
    <subfield code="B">GND-118520113</subfield>
    <subfield code="C">400</subfield>
  </datafield>
  <datafield tag="GPN" ind1="0" ind2=" ">
    <subfield code="a">Charlot</subfield>
    <subfield code="d">1889-1977</subfield>
    <subfield code="A">GND</subfield>
    <subfield code="B">GND-118520113</subfield>
    <subfield code="C">400</subfield>
  </datafield>
  <datafield tag="GPN" ind1="1" ind2=" ">
    <subfield code="a">Sa-plin, Sa&#769;c-li</subfield>
    <subfield code="d">1889-1977</subfield>
    <subfield code="A">GND</subfield>
    <subfield code="B">GND-118520113</subfield>
    <subfield code="C">400</subfield>
  </datafield>
  <datafield tag="GPN" ind1="0" ind2=" ">
    <subfield code="a">Sac-lo&#770;</subfield>
    <subfield code="d">1889-1977</subfield>
    <subfield code="A">GND</subfield>
    <subfield code="B">GND-118520113</subfield>
    <subfield code="C">400</subfield>
  </datafield>
  <datafield tag="GPN" ind1="1" ind2=" ">
    <subfield code="a">Ca&#772;plin, Ca&#772;rli&#772;</subfield>
    <subfield code="d">1889-1977</subfield>
    <subfield code="A">GND</subfield>
    <subfield code="B">GND-118520113</subfield>
    <subfield code="C">400</subfield>
  </datafield>
  <datafield tag="GPN" ind1="1" ind2=" ">
    <subfield code="a">C&#780;aplin, C&#780;&apos;arlz</subfield>
    <subfield code="d">1889-1977</subfield>
    <subfield code="A">GND</subfield>
    <subfield code="B">GND-118520113</subfield>
    <subfield code="C">400</subfield>
  </datafield>
  <datafield tag="GPN" ind1="1" ind2=" ">
    <subfield code="a">Chaplin, Charles Spencer</subfield>
    <subfield code="d">1889-1977</subfield>
    <subfield code="4">nawi</subfield>
    <subfield code="4">http://d-nb.info/standards/elementset/gnd#realIdentity</subfield>
    <subfield code="w">r</subfield>
    <subfield code="i">Wirklicher Name</subfield>
    <subfield code="e">Wirklicher Name</subfield>
    <subfield code="A">GND</subfield>
    <subfield code="B">GND-118520113</subfield>
    <subfield code="C">400</subfield>
  </datafield>
  <datafield tag="GPN" ind1="1" ind2=" ">
    <subfield code="a">Chaplin, Charles</subfield>
    <subfield code="d">1889-1977</subfield>
    <subfield code="A">GND</subfield>
    <subfield code="B">GND-118520113</subfield>
    <subfield code="C">400</subfield>
  </datafield>
  <datafield tag="GPN" ind1="1" ind2=" ">
    <subfield code="a">C&#780;aplin, C&#780;arl&apos;z Spenser</subfield>
    <subfield code="d">1889-1977</subfield>
    <subfield code="9">v:russ. Namensform</subfield>
    <subfield code="A">GND</subfield>
    <subfield code="B">GND-118520113</subfield>
    <subfield code="C">400</subfield>
  </datafield>
  <datafield tag="GPN" ind1="1" ind2=" ">
    <subfield code="a">Spencer-Chaplin, Charles</subfield>
    <subfield code="d">1889-1977</subfield>
    <subfield code="A">GND</subfield>
    <subfield code="B">GND-118520113</subfield>
    <subfield code="C">400</subfield>
  </datafield>
  <datafield tag="GPN" ind1="1" ind2=" ">
    <subfield code="9">U:Cyrl</subfield>
    <subfield code="a">&#1063;&#1072;&#1087;&#1083;&#1080;&#1085;, &#1063;&#1072;&#1088;&#1083;&#1100;&#1079;</subfield>
    <subfield code="d">1889-1977</subfield>
    <subfield code="A">GND</subfield>
    <subfield code="B">GND-118520113</subfield>
    <subfield code="C">400</subfield>
  </datafield>
  <datafield tag="GSI" ind1="7" ind2=" ">
    <subfield code="a">http://d-nb.info/gnd/118520113</subfield>
    <subfield code="2">uri</subfield>
    <subfield code="A">GND</subfield>
    <subfield code="B">GND-118520113</subfield>
    <subfield code="C">024</subfield>
  </datafield>
</record>